% Encoding: UTF-8

@Article{GBA07,
  author  = {Giovanni Barone-Adesi and Robert J. Elliott},
  title   = {Cutting the hedge},
  journal = {Computational Economics},
  year    = {2007},
  volume  = {29},
  pages   = {151-158},
}

@Article{GBA16,
  author  = {Giovanni Barone-Adesi},
  title   = {{V}a{R} and {CV}a{R} implied in option prices},
  journal = {Journal of Risk and Financial Management},
  year    = {2016},
  volume  = {9},
  number  = {2},
}

@Article{Adrian2016,
  author  = {Tobias Adrian and Markus K. Brunnermeier},
  title   = {{C}o{V}a{R}},
  journal = {American Economic Review},
  year    = {2016},
  volume  = {106},
  number  = {7},
  pages   = {1705-1741},
}

@Article{Ang2009,
  author  = {Andrew Ang and Robert Hodrick and Yuhang Xing and Xiaoyan Zhang},
  title   = {High idiosyncratic volatility and low returns: International and further U.S. evidence},
  journal = {Journal of Financial Economics},
  year    = {2009},
  volume  = {91},
  number  = {1},
  pages   = {1-23},
}

@Article{Herskovic2016,
  author  = {Bernard Herskovic and Bryan Kelly and Hanno Lustig and Stijn Van Nieuwerburgh},
  title   = {The common factor in idiosyncratic volatility: Quantitative asset pricing implications},
  journal = {Journal of Financial Economics},
  year    = {2016},
  volume  = {119},
  number  = {2},
  pages   = {249-283},
}

@Article{Brownless2016,
  author  = {Christian Brownless and Robert F. Engle},
  title   = {{SRISK}: A Conditional Capital Shortfall Measure of Systemic Risk},
  journal = {Review of Financial Studies},
  year    = {2016},
  volume  = {Advance Access},
  month   = aug,
}

@Article{Bernanke1989,
  author  = {Ben Bernanke and Mark Gertler},
  title   = {Agency Costs, Net Worth, and Business Fluctuations.},
  journal = {American Economic Review},
  year    = {1989},
  volume  = {79},
  number  = {1},
  pages   = {14-31},
}

@InCollection{Bernanke1999,
  author    = {Ben Bernanke and Mark Gertler, and Simon Gilchrist},
  title     = {The Financial Accelerator in a Quantitative Business Cycle Framework},
  booktitle = {Handbook of Macroeconomics},
  publisher = {Edited by John B. Taylor and Michael Woodford, Amsterdam: Elsevier Science, North-Holland},
  year      = {1999},
  volume    = {1},
  pages     = {1341–1393},
}

@Article{Kiyotaki1997,
  author  = {Nobuhiro Kiyotaki and John Moore},
  title   = {Credit Cycles},
  journal = {Journal of Political Economy},
  year    = {1997},
  volume  = {105},
  number  = {2},
  pages   = {211–248},
}

@Article{Brunnermeier2014,
  author  = {Markus K. Brunnermeier and Yuliy Sannikov},
  title   = {A Macroeconomic Model with a Financial Sector},
  journal = {American Economic Review},
  year    = {2014},
  volume  = {104},
  number  = {2},
  pages   = {379-421},
}

@Article{Benoit2016,
  author  = {Sylvain Benoit and Jean-Edouard Colliard and Christophe Hurlin and Christophe Pérignon},
  title   = {Where the risks lie: A survey on systemic risk},
  journal = {Review of Finance},
  year    = {2016},
  note    = {Forthcoming},
}

@Article{Brownlees2015,
  author  = {Christian Brownlees and Ben Chabot and Eric Ghysels and Christopher Kurz},
  title   = {Backtesting Systemic Risk Measures during Historical Bank Runs},
  journal = {Federal Reserve Bank of Chicago Working Paper},
  year    = {2015},
  volume  = {WP-2015},
  number  = {9},
}

@Article{Ziegel2016,
  author  = {Johanna F. Ziegel},
  title   = {Coherence and Elicitability},
  journal = {Mathematical Finance},
  year    = {2016},
  volume  = {26},
  pages   = {901--918},
}

@Article{Barone-Adesi2016,
  author  = {Giovanni Barone-Adesi and Chiara Legnazzi and Carlo Sala},
  title   = {{S\&P}500 Index, an Option Implied Risk Analysis},
  journal = {Swiss Finance Institute Research Paper Series},
  year    = {2016},
  volume  = {16},
  number  = {62},
}

@Article{Breeden1978,
	author  = {Douglas T. Breeden and Robert H. Litzenberger},
	title   = {Prices of state-contingent claims implicit in option prices},
	journal = {Journal of Business},
	year    = {1978},
	pages   = {621-651},
}

@Article{Kelly2016,
  author  = {Bryan Kelly and Hanno Lustig and Stijn Van Nieuwerburgh},
  title   = {Too-Systemic-to-Fail: What option markets imply about sector-wide government guarantees},
  journal = {American Economic Review},
  year    = {2016},
  volume  = {106},
  number  = {6},
  pages   = {1278--1319},
}

@Article{Christoffersen2015,
  author  = {Peter Christoffersen and Mathieu Fournier and Kris Jacobs},
  title   = {The {F}actor {S}tructure in {E}quity {O}ptions},
  journal = {Rotman School of Management Working Paper},
  year    = {2015},
  number  = {2224270},
}

@Article{Acerbi2014,
  author  = {Carlo Acerbi and Bal'{a}zs Székely},
  title   = {Back-testing expected shortfall},
  journal = {Risk},
  year    = {2014},
  volume  = {76},
}

@Article{Artzner1999,
  author  = {Philippe Artzner and Freddy Delbaen and Jean-Marc Eber and David Heat},
  title   = {Coherent measures of risk},
  journal = {Mathematical finance},
  year    = {1999},
  volume  = {9},
  number  = {3},
  pages   = {203-228},
}

@Article{Acerbi2002,
  author  = {Carlo Acerbi and Dirk Tasche},
  title   = {On the coherence of expected shortfall},
  journal = {Journal of Banking and Finance},
  year    = {2002},
  volume  = {26},
  pages   = {1487--1503},
}

@TechReport{Fund2009,
  author = {{I}nternational {M}onetary {F}und},
  title  = {Global financial stability report, responding to the financial crisis and measuring systemic risks},
  year   = {2009},
  url    = {http://www.imf.org/external/pubs/ft/gfsr/2009/01/index.htm},
}

@Article{Rochet1996,
  author  = {Jean-Charles Rochet and Jean Tirole},
  title   = {Interbank Lending and Systemic Risk},
  journal = {Journal of Money Credit and Banking},
  year    = {1996},
  volume  = {28},
  number  = {4},
  pages   = {733-762},
}

@Article{Black1973,
  author  = {Fisher Black and Myron Scholes},
  title   = {The Pricing of Options and Corporate Liabilities},
  journal = {The Journal of Political Economy},
  year    = {1973},
  volume  = {81},
  number  = {3},
  pages   = {637-654},
}

@Article{Merton1973,
  author  = {Robert C. Merton},
  title   = {Theory of Rational Option Pricing},
  journal = {The Bell Journal of Economics and Management Science},
  year    = {1973},
  volume  = {4},
  number  = {1},
  pages   = {141 - 183},
}

@Article{Acharya2017,
  author  = {Viral V. Acharya and Lasse H. Pedersen and Thomas Philippon and Matthew Richardson},
  title   = {Measuring Systemic Risk},
  journal = {Review of Financial Studies},
  year    = {2017},
  volume  = {30},
  number  = {1},
  pages   = {2-47},
}

@Article{Kupiec1995,
  author  = {Paul H. Kupiec},
  title   = {Techniques for verifying the accuracy of risk measurement models},
  journal = {Journal of Derivatives},
  year    = {1995},
  volume  = {3},
  pages   = {73-84},
}

@Article{Christoffersen1998,
  author  = {Peter F. Christoffersen},
  title   = {Evaluating Interval Forecasting},
  journal = {International Economic Review},
  year    = {1998},
  volume  = {39},
  number  = {4},
  pages   = {841-862},
}

@Book{Jorion2007,
  title   = {Value at Risk - The new Benchmark for Managing Financial Risk},
  year    = {2007},
  author  = {Philippe Jorion},
  editor  = {The McGraw-Hill Companies},
  edition = {3},
}

@Book{Embrechts1997,
  title     = {Modelling Extremal Events for Insurance and Finance},
  publisher = {Springer},
  year      = {1997},
  author    = {Paul Embrechts and Claudia Kl\"{u}ppelberg and Thomas Mikosch},
}

@Article{Brownlees2011,
  author  = {Christian Brownlees and Robert Engle and Bryan Kelly},
  title   = {A practical guide to volatility forecasting through calm and storm},
  journal = {The Journal of Risk},
  year    = {2011},
  volume  = {14},
  number  = {2},
  pages   = {3-22},
}

@Article{Engle2009,
  author  = {Robert Engle},
  title   = {The risk that the risk will change},
  journal = {Journal of Investment Management},
  year    = {2009},
  volume  = {7},
  pages   = {24-28},
}

@Article{Engle2011,
  author  = {Robert Engle},
  title   = {Long-term skewness and systemic risk},
  journal = {Journal of Financial Econometrics},
  year    = {2011},
  volume  = {9},
  number  = {3},
  pages   = {437-468},
}

@Article{Acharya2012,
  author  = {Viral V. Acharya and Robert Engle and Thomas Philippon and Matthew Richardson},
  title   = {Capital shortfall: a new approach to ranking and regulating systemic risks},
  journal = {American Economic Review},
  year    = {2012},
  volume  = {102},
  pages   = {59-64},
}

@Article{Girardi2013,
  author  = {Giulio Girardi and A. Tolga Erg\"{u}n},
  title   = {Systemic risk measurement: Multivariate GARCH estimation of CoVaR},
  journal = {Journal of Banking \& Finance},
  year    = {2013},
  volume  = {37},
  pages   = {3169-3180},
}

@Article{Billio2012,
  author  = {Monica Billio and Mila Getmansky and Andrew W. Lo and Loriana Pelizzon},
  title   = {Econometric measures of connectedness and systemic risk in the finance and insurance sectors},
  journal = {Journal of Financial Economics},
  year    = {2012},
  volume  = {104},
  pages   = {535-539},
}

@Article{Barone-Adesi2016a,
  author  = {Giovanni Barone-Adesi and Chiara Legnazzi and Carlo Sala},
  title   = {{WTI} {C}rude oil option implied {V}a{R} and {CV}a{R:} an empirical application},
  journal = {Working paper},
  year    = {2016},
}

@Article{Brownlees2017,
  author  = {Christian Brownlees and Ben Chabot and Eric Ghysels and Christopher Kurtz},
  title   = {Back to the {F}uture: {B}acktesting {S}ystemic {R}isk {M}easures during {H}istorical {B}ank {R}uns and the {G}reat {D}epression},
  journal = {Working paper},
  year    = {2017},
}

@Comment{jabref-meta: databaseType:bibtex;}
